<?xml version="1.0" ?>
<bibRecords>
  <bibRecord><bib><owningInstitutionId>NYPL</owningInstitutionId><owningInstitutionBibId>.b100196846</owningInstitutionBibId><content><collection xmlns="http://www.loc.gov/MARC21/slim"><record><controlfield tag="001">NYPG1659-S</controlfield><controlfield tag="003">CStRLIN</controlfield><controlfield tag="005">20000925124553.8</controlfield><controlfield tag="008">810716c19819999dcuar1   s   f0    0eng d</controlfield><datafield ind1=" " ind2=" " tag="010"><subfield code="a">81641760 //r82</subfield></datafield><datafield ind1="0" ind2=" " tag="022"><subfield code="a">0277-1527</subfield></datafield><datafield ind1=" " ind2=" " tag="037"><subfield code="b">Supt. of Docs., U.S. Govt. Print. Off., Washington, DC 20402</subfield><subfield code="b">National Technical Information Service, 5285 Port Royal Rd., Springfield, VA 22161</subfield><subfield code="b">Document Expediting (DOCEX) Project, Exchange and Gift Division, Library of Congress, Washington, DC 20540</subfield></datafield><datafield ind1=" " ind2=" " tag="040"><subfield code="a">ViMcC</subfield><subfield code="c">ViMcC</subfield><subfield code="d">NIC</subfield><subfield code="d">MH</subfield><subfield code="d">DLC</subfield><subfield code="d">NSDP</subfield><subfield code="d">DLC</subfield><subfield code="d">OColC</subfield><subfield code="d">NST</subfield><subfield code="d">DGPO</subfield><subfield code="d">NST</subfield><subfield code="d">DLC</subfield><subfield code="d">DNAL</subfield><subfield code="d">DLC</subfield><subfield code="d">DGPO</subfield><subfield code="d">NST</subfield><subfield code="d">m/c</subfield><subfield code="d">DGPO</subfield><subfield code="d">NST</subfield><subfield code="d">MH</subfield><subfield code="d">DGPO</subfield><subfield code="d">NST</subfield><subfield code="d">NSDP</subfield><subfield code="d">DGPO</subfield><subfield code="d">CStRLIN</subfield><subfield code="d">NN</subfield><subfield code="d">WaOLN</subfield></datafield><datafield ind1=" " ind2=" " tag="042"><subfield code="a">lc</subfield><subfield code="a">nsdp</subfield></datafield><datafield ind1="0" ind2="0" tag="050"><subfield code="a">G122</subfield><subfield code="b">.U56a</subfield></datafield><datafield ind1="0" ind2=" " tag="070"><subfield code="a">G1.N31</subfield></datafield><datafield ind1=" " ind2="0" tag="072"><subfield code="a">E000</subfield></datafield><datafield ind1=" " ind2="0" tag="072"><subfield code="a">B000</subfield></datafield><datafield ind1=" " ind2=" " tag="074"><subfield code="a">0856-A-07</subfield></datafield><datafield ind1="0" ind2="0" tag="082"><subfield code="a">910/.5</subfield></datafield><datafield ind1="0" ind2=" " tag="086"><subfield code="a">PrEx 3.15:</subfield></datafield><datafield ind1="0" ind2=" " tag="210"><subfield code="a">World factbook</subfield></datafield><datafield ind1="0" ind2=" " tag="210"><subfield code="a">World factbook</subfield></datafield><datafield ind1=" " ind2="4" tag="222"><subfield code="a">The World factbook</subfield></datafield><datafield ind1="0" ind2="0" tag="245"><subfield code="a">The world factbook.</subfield></datafield><datafield ind1=" " ind2=" " tag="260"><subfield code="a">Washington, D.C. :</subfield><subfield code="b">Central Intelligence Agency :</subfield><subfield code="b">Supt. of Docs., U.S. G.P.O. [distributor],</subfield><subfield code="c">1981-</subfield></datafield><datafield ind1="0" ind2="0" tag="299"><subfield code="a">The world factbook.</subfield></datafield><datafield ind1=" " ind2=" " tag="300"><subfield code="a">v. :</subfield><subfield code="b">maps (some col.) ;</subfield><subfield code="c">28 cm.</subfield></datafield><datafield ind1=" " ind2=" " tag="310"><subfield code="a">Annual</subfield></datafield><datafield ind1="0" ind2=" " tag="362"><subfield code="a">1981-</subfield></datafield><datafield ind1=" " ind2=" " tag="550"><subfield code="a">Vol. for 1981 produced by: the National Foreign Assessment Center; 1982-   by: the Central Intelligence Agency.</subfield></datafield><datafield ind1=" " ind2="0" tag="650"><subfield code="a">Geography</subfield><subfield code="v">Periodicals.</subfield></datafield><datafield ind1="1" ind2=" " tag="710"><subfield code="a">United States.</subfield><subfield code="b">Central Intelligence Agency.</subfield></datafield><datafield ind1="2" ind2=" " tag="710"><subfield code="a">National Foreign Assessment Center (U.S.)</subfield></datafield><datafield ind1="1" ind2=" " tag="775"><subfield code="t">Handbook of the nations</subfield><subfield code="x">0194-3790</subfield></datafield><datafield ind1="0" ind2="0" tag="780"><subfield code="t">National basic intelligence factbook</subfield><subfield code="x">0098-2091</subfield></datafield><datafield ind1="4" ind2="1" tag="856"><subfield code="u">https://www.cia.gov/library/publications/the-world-factbook/</subfield><subfield code="z">Online version</subfield></datafield><datafield ind1=" " ind2=" " tag="907"><subfield code="a">.b100196846</subfield><subfield code="c">s</subfield><subfield code="d">a</subfield><subfield code="e">-</subfield><subfield code="f">eng</subfield><subfield code="g">dcu</subfield><subfield code="h">0</subfield><subfield code="i">38</subfield></datafield><datafield ind1=" " ind2=" " tag="952"><subfield code="h">G122</subfield></datafield><datafield ind1=" " ind2=" " tag="952"><subfield code="h">G122</subfield></datafield><datafield ind1=" " ind2=" " tag="952"><subfield code="h">JLM 81-512</subfield></datafield><datafield ind1=" " ind2=" " tag="952"><subfield code="h">JFM 94-909</subfield></datafield><datafield ind1=" " ind2=" " tag="991"><subfield code="y">7390695</subfield></datafield><datafield ind1=" " ind2=" " tag="035"><subfield code="a">(OCoLC)7390695</subfield></datafield><leader>06796cas a2201405 a 4500</leader></record></collection></content></bib><holdings><holding><owningInstitutionHoldingsId/><content><collection xmlns="http://www.loc.gov/MARC21/slim"><record><datafield ind1=" " ind2="8" tag="852"><subfield code="b">rc2ma</subfield><subfield code="h">JFM 94-909</subfield></datafield><datafield ind1=" " ind2=" " tag="866"><subfield code="a">1995, 1997, 1998</subfield></datafield></record></collection></content><items><content><collection xmlns="http://www.loc.gov/MARC21/slim"><record><datafield ind1=" " ind2=" " tag="876"><subfield code="p">33433005404706</subfield><subfield code="h">In Library Use</subfield><subfield code="a">.i10010129x</subfield><subfield code="j">Available</subfield><subfield code="t">1</subfield><subfield code="3">1995</subfield></datafield><datafield ind1=" " ind2=" " tag="900"><subfield code="a">Shared</subfield><subfield code="b">NA</subfield></datafield></record><record><datafield ind1=" " ind2=" " tag="876"><subfield code="p">33433005404714</subfield><subfield code="h">In Library Use</subfield><subfield code="a">.i100101306</subfield><subfield code="j">Available</subfield><subfield code="t">1</subfield><subfield code="3">1997</subfield></datafield><datafield ind1=" " ind2=" " tag="900"><subfield code="a">Shared</subfield><subfield code="b">NA</subfield></datafield></record><record><datafield ind1=" " ind2=" " tag="876"><subfield code="p">33433061704486</subfield><subfield code="h">In Library Use</subfield><subfield code="a">.i147487043</subfield><subfield code="j">Available</subfield><subfield code="t">1</subfield><subfield code="3">1998</subfield></datafield><datafield ind1=" " ind2=" " tag="900"><subfield code="a">Shared</subfield><subfield code="b">NA</subfield></datafield></record></collection></content></items></holding></holdings><holdings><holding><owningInstitutionHoldingsId/><content><collection xmlns="http://www.loc.gov/MARC21/slim"><record><datafield ind1=" " ind2="8" tag="852"><subfield code="b">rc2sl</subfield><subfield code="h">JLM 81-512</subfield></datafield><datafield ind1=" " ind2=" " tag="866"><subfield code="a">1981, 1982, 1983, 1984, 1985, 1986, 1987, 1988, 1989, 1990, 1991, 1992, 1993, 1994, 1995, 1997, 1998, 1999, 2000, 2001, 2002, 2004, 2005, 2006 (Maps Included), 2007, 2008, 2003, 2009</subfield></datafield></record></collection></content><items><content><collection xmlns="http://www.loc.gov/MARC21/slim"><record><datafield ind1=" " ind2=" " tag="876"><subfield code="p">33433019909823</subfield><subfield code="h">In Library Use</subfield><subfield code="a">.i125414468</subfield><subfield code="j">Available</subfield><subfield code="t">1</subfield><subfield code="3">1981</subfield></datafield><datafield ind1=" " ind2=" " tag="900"><subfield code="a">Shared</subfield><subfield code="b">NA</subfield></datafield></record><record><datafield ind1=" " ind2=" " tag="876"><subfield code="p">33433019909831</subfield><subfield code="h">In Library Use</subfield><subfield code="a">.i12541447x</subfield><subfield code="j">Available</subfield><subfield code="t">1</subfield><subfield code="3">1982</subfield></datafield><datafield ind1=" " ind2=" " tag="900"><subfield code="a">Shared</subfield><subfield code="b">NA</subfield></datafield></record><record><datafield ind1=" " ind2=" " tag="876"><subfield code="p">33433019909849</subfield><subfield code="h">In Library Use</subfield><subfield code="a">.i125414481</subfield><subfield code="j">Available</subfield><subfield code="t">1</subfield><subfield code="3">1983</subfield></datafield><datafield ind1=" " ind2=" " tag="900"><subfield code="a">Shared</subfield><subfield code="b">NA</subfield></datafield></record><record><datafield ind1=" " ind2=" " tag="876"><subfield code="p">33433019909856</subfield><subfield code="h">In Library Use</subfield><subfield code="a">.i125414493</subfield><subfield code="j">Available</subfield><subfield code="t">1</subfield><subfield code="3">1984</subfield></datafield><datafield ind1=" " ind2=" " tag="900"><subfield code="a">Shared</subfield><subfield code="b">NA</subfield></datafield></record><record><datafield ind1=" " ind2=" " tag="876"><subfield code="p">33433019909864</subfield><subfield code="h">In Library Use</subfield><subfield code="a">.i12541450x</subfield><subfield code="j">Available</subfield><subfield code="t">1</subfield><subfield code="3">1985</subfield></datafield><datafield ind1=" " ind2=" " tag="900"><subfield code="a">Shared</subfield><subfield code="b">NA</subfield></datafield></record><record><datafield ind1=" " ind2=" " tag="876"><subfield code="p">33433019909872</subfield><subfield code="h">In Library Use</subfield><subfield code="a">.i125414511</subfield><subfield code="j">Available</subfield><subfield code="t">1</subfield><subfield code="3">1986</subfield></datafield><datafield ind1=" " ind2=" " tag="900"><subfield code="a">Shared</subfield><subfield code="b">NA</subfield></datafield></record><record><datafield ind1=" " ind2=" " tag="876"><subfield code="p">33433019909880</subfield><subfield code="h">In Library Use</subfield><subfield code="a">.i125414523</subfield><subfield code="j">Available</subfield><subfield code="t">1</subfield><subfield code="3">1987</subfield></datafield><datafield ind1=" " ind2=" " tag="900"><subfield code="a">Shared</subfield><subfield code="b">NA</subfield></datafield></record><record><datafield ind1=" " ind2=" " tag="876"><subfield code="p">33433019909898</subfield><subfield code="h">In Library Use</subfield><subfield code="a">.i125414535</subfield><subfield code="j">Available</subfield><subfield code="t">1</subfield><subfield code="3">1988</subfield></datafield><datafield ind1=" " ind2=" " tag="900"><subfield code="a">Shared</subfield><subfield code="b">NA</subfield></datafield></record><record><datafield ind1=" " ind2=" " tag="876"><subfield code="p">33433019909906</subfield><subfield code="h">In Library Use</subfield><subfield code="a">.i174477478</subfield><subfield code="j">Available</subfield><subfield code="t">1</subfield><subfield code="3">1989</subfield></datafield><datafield ind1=" " ind2=" " tag="900"><subfield code="a">Shared</subfield><subfield code="b">NA</subfield></datafield></record><record><datafield ind1=" " ind2=" " tag="876"><subfield code="p">33433019909914</subfield><subfield code="h">In Library Use</subfield><subfield code="a">.i125414547</subfield><subfield code="j">Available</subfield><subfield code="t">1</subfield><subfield code="3">1990</subfield></datafield><datafield ind1=" " ind2=" " tag="900"><subfield code="a">Shared</subfield><subfield code="b">NA</subfield></datafield></record><record><datafield ind1=" " ind2=" " tag="876"><subfield code="p">33433019909922</subfield><subfield code="h">In Library Use</subfield><subfield code="a">.i125414559</subfield><subfield code="j">Available</subfield><subfield code="t">1</subfield><subfield code="3">1991</subfield></datafield><datafield ind1=" " ind2=" " tag="900"><subfield code="a">Shared</subfield><subfield code="b">NA</subfield></datafield></record><record><datafield ind1=" " ind2=" " tag="876"><subfield code="p">33433019909930</subfield><subfield code="h">In Library Use</subfield><subfield code="a">.i125414560</subfield><subfield code="j">Available</subfield><subfield code="t">1</subfield><subfield code="3">1992</subfield></datafield><datafield ind1=" " ind2=" " tag="900"><subfield code="a">Shared</subfield><subfield code="b">NA</subfield></datafield></record><record><datafield ind1=" " ind2=" " tag="876"><subfield code="p">33433019909948</subfield><subfield code="h">In Library Use</subfield><subfield code="a">.i125414572</subfield><subfield code="j">Available</subfield><subfield code="t">1</subfield><subfield code="3">1993</subfield></datafield><datafield ind1=" " ind2=" " tag="900"><subfield code="a">Shared</subfield><subfield code="b">NA</subfield></datafield></record><record><datafield ind1=" " ind2=" " tag="876"><subfield code="p">33433019909955</subfield><subfield code="h">In Library Use</subfield><subfield code="a">.i125414584</subfield><subfield code="j">Available</subfield><subfield code="t">1</subfield><subfield code="3">1994</subfield></datafield><datafield ind1=" " ind2=" " tag="900"><subfield code="a">Shared</subfield><subfield code="b">NA</subfield></datafield></record><record><datafield ind1=" " ind2=" " tag="876"><subfield code="p">33433019909963</subfield><subfield code="h">In Library Use</subfield><subfield code="a">.i125414596</subfield><subfield code="j">Available</subfield><subfield code="t">1</subfield><subfield code="3">1995</subfield></datafield><datafield ind1=" " ind2=" " tag="900"><subfield code="a">Shared</subfield><subfield code="b">NA</subfield></datafield></record><record><datafield ind1=" " ind2=" " tag="876"><subfield code="p">33433019909971</subfield><subfield code="h">In Library Use</subfield><subfield code="a">.i125414602</subfield><subfield code="j">Available</subfield><subfield code="t">1</subfield><subfield code="3">1997</subfield></datafield><datafield ind1=" " ind2=" " tag="900"><subfield code="a">Shared</subfield><subfield code="b">NA</subfield></datafield></record><record><datafield ind1=" " ind2=" " tag="876"><subfield code="p">33433019909989</subfield><subfield code="h">In Library Use</subfield><subfield code="a">.i125414614</subfield><subfield code="j">Available</subfield><subfield code="t">1</subfield><subfield code="3">1998</subfield></datafield><datafield ind1=" " ind2=" " tag="900"><subfield code="a">Shared</subfield><subfield code="b">NA</subfield></datafield></record><record><datafield ind1=" " ind2=" " tag="876"><subfield code="p">33433019909997</subfield><subfield code="h">In Library Use</subfield><subfield code="a">.i125414626</subfield><subfield code="j">Available</subfield><subfield code="t">1</subfield><subfield code="3">1999</subfield></datafield><datafield ind1=" " ind2=" " tag="900"><subfield code="a">Shared</subfield><subfield code="b">NA</subfield></datafield></record><record><datafield ind1=" " ind2=" " tag="876"><subfield code="p">33433019910003</subfield><subfield code="h">In Library Use</subfield><subfield code="a">.i125414638</subfield><subfield code="j">Available</subfield><subfield code="t">1</subfield><subfield code="3">2000</subfield></datafield><datafield ind1=" " ind2=" " tag="900"><subfield code="a">Shared</subfield><subfield code="b">NA</subfield></datafield></record><record><datafield ind1=" " ind2=" " tag="876"><subfield code="p">33433031140621</subfield><subfield code="h">In Library Use</subfield><subfield code="a">.i119021985</subfield><subfield code="j">Available</subfield><subfield code="t">1</subfield><subfield code="3">2001</subfield></datafield><datafield ind1=" " ind2=" " tag="900"><subfield code="a">Shared</subfield><subfield code="b">NA</subfield></datafield></record><record><datafield ind1=" " ind2=" " tag="876"><subfield code="p">33433031732898</subfield><subfield code="h">In Library Use</subfield><subfield code="a">.i119021973</subfield><subfield code="j">Available</subfield><subfield code="t">1</subfield><subfield code="3">2002</subfield></datafield><datafield ind1=" " ind2=" " tag="900"><subfield code="a">Shared</subfield><subfield code="b">NA</subfield></datafield></record><record><datafield ind1=" " ind2=" " tag="876"><subfield code="p">33433031964871</subfield><subfield code="h">In Library Use</subfield><subfield code="a">.i137876993</subfield><subfield code="j">Available</subfield><subfield code="t">1</subfield><subfield code="3">2004</subfield></datafield><datafield ind1=" " ind2=" " tag="900"><subfield code="a">Shared</subfield><subfield code="b">NA</subfield></datafield></record><record><datafield ind1=" " ind2=" " tag="876"><subfield code="p">33433068422637</subfield><subfield code="h">In Library Use</subfield><subfield code="a">.i147487055</subfield><subfield code="j">Available</subfield><subfield code="t">1</subfield><subfield code="3">2005</subfield></datafield><datafield ind1=" " ind2=" " tag="900"><subfield code="a">Shared</subfield><subfield code="b">NA</subfield></datafield></record><record><datafield ind1=" " ind2=" " tag="876"><subfield code="p">33433068521727</subfield><subfield code="h">In Library Use</subfield><subfield code="a">.i166573024</subfield><subfield code="j">Available</subfield><subfield code="t">1</subfield><subfield code="3">2006 (Maps Included)</subfield></datafield><datafield ind1=" " ind2=" " tag="900"><subfield code="a">Shared</subfield><subfield code="b">NA</subfield></datafield></record><record><datafield ind1=" " ind2=" " tag="876"><subfield code="p">33433072956851</subfield><subfield code="h">In Library Use</subfield><subfield code="a">.i166573048</subfield><subfield code="j">Available</subfield><subfield code="t">1</subfield><subfield code="3">2007</subfield></datafield><datafield ind1=" " ind2=" " tag="900"><subfield code="a">Shared</subfield><subfield code="b">NA</subfield></datafield></record><record><datafield ind1=" " ind2=" " tag="876"><subfield code="p">33433082969795</subfield><subfield code="h">In Library Use</subfield><subfield code="a">.i240955304</subfield><subfield code="j">Available</subfield><subfield code="t">1</subfield><subfield code="3">2008</subfield></datafield><datafield ind1=" " ind2=" " tag="900"><subfield code="a">Shared</subfield><subfield code="b">NA</subfield></datafield></record><record><datafield ind1=" " ind2=" " tag="876"><subfield code="p">33433102157918</subfield><subfield code="h">In Library Use</subfield><subfield code="a">.i29021967x</subfield><subfield code="j">Available</subfield><subfield code="t">1</subfield><subfield code="3">2003</subfield></datafield><datafield ind1=" " ind2=" " tag="900"><subfield code="a">Shared</subfield><subfield code="b">NA</subfield></datafield></record><record><datafield ind1=" " ind2=" " tag="876"><subfield code="p">33433083655997</subfield><subfield code="h">In Library Use</subfield><subfield code="a">.i247995800</subfield><subfield code="j">Available</subfield><subfield code="t">1</subfield><subfield code="3">2009</subfield></datafield><datafield ind1=" " ind2=" " tag="900"><subfield code="a">Shared</subfield><subfield code="b">NA</subfield></datafield></record></collection></content></items></holding></holdings></bibRecord>
</bibRecords>